<marcxml:record xmlns:marcxml="http://www.loc.gov/MARC21/slim" xmlns:mets="http://www.loc.gov/METS/" xmlns:bf="http://id.loc.gov/ontologies/bibframe/" xmlns:bflc="http://id.loc.gov/ontologies/bflc/" xmlns:madsrdf="http://www.loc.gov/mads/rdf/v1#" xmlns:rdf="http://www.w3.org/1999/02/22-rdf-syntax-ns#" xmlns:ri="http://id.loc.gov/ontologies/RecordInfo#" xmlns:idx="info:lc/xq-modules/lcindex" xmlns:semtriples="http://marklogic.com/semantic" xmlns:xsi="http://www.w3.org/2001/XMLSchema-instance" xmlns:xlink="http://www.w3.org/1999/xlink" xmlns:streams="info:lc/streams#">
  <marcxml:leader>01191cem a22002894a 4500</marcxml:leader>
  <marcxml:controlfield tag="001">14831749</marcxml:controlfield>
  <marcxml:controlfield tag="005">20070503074514.0</marcxml:controlfield>
  <marcxml:controlfield tag="007">aj canzn</marcxml:controlfield>
  <marcxml:controlfield tag="008">070502s2003    nyui      a     0   eng  </marcxml:controlfield>
  <marcxml:datafield tag="906" ind1=" " ind2=" ">
    <marcxml:subfield code="a">7</marcxml:subfield>
    <marcxml:subfield code="b">cbc</marcxml:subfield>
    <marcxml:subfield code="c">orignew</marcxml:subfield>
    <marcxml:subfield code="d">u</marcxml:subfield>
    <marcxml:subfield code="e">ncip</marcxml:subfield>
    <marcxml:subfield code="f">20</marcxml:subfield>
    <marcxml:subfield code="g">y-geogmaps</marcxml:subfield>
  </marcxml:datafield>
  <marcxml:datafield tag="955" ind1=" " ind2=" ">
    <marcxml:subfield code="a">ga07 2007-05-03 sent to CMT</marcxml:subfield>
  </marcxml:datafield>
  <marcxml:datafield tag="010" ind1=" " ind2=" ">
    <marcxml:subfield code="a">  2007629527</marcxml:subfield>
  </marcxml:datafield>
  <marcxml:datafield tag="034" ind1="0" ind2=" ">
    <marcxml:subfield code="a">a</marcxml:subfield>
  </marcxml:datafield>
  <marcxml:datafield tag="040" ind1=" " ind2=" ">
    <marcxml:subfield code="a">DLC</marcxml:subfield>
    <marcxml:subfield code="c">DLC</marcxml:subfield>
  </marcxml:datafield>
  <marcxml:datafield tag="050" ind1="0" ind2="0">
    <marcxml:subfield code="a">G9930 2003</marcxml:subfield>
    <marcxml:subfield code="b">.B2</marcxml:subfield>
  </marcxml:datafield>
  <marcxml:datafield tag="052" ind1=" " ind2=" ">
    <marcxml:subfield code="a">9930</marcxml:subfield>
  </marcxml:datafield>
  <marcxml:datafield tag="100" ind1="1" ind2=" ">
    <marcxml:subfield code="a">Barron, T. A.</marcxml:subfield>
  </marcxml:datafield>
  <marcxml:datafield tag="245" ind1="1" ind2="4">
    <marcxml:subfield code="a">The great tree of Avalon, child of the dark prophecy :</marcxml:subfield>
    <marcxml:subfield code="b">a new trilogy /</marcxml:subfield>
    <marcxml:subfield code="c">by T.A. Barron.</marcxml:subfield>
  </marcxml:datafield>
  <marcxml:datafield tag="255" ind1=" " ind2=" ">
    <marcxml:subfield code="a">Not drawn to scale.</marcxml:subfield>
  </marcxml:datafield>
  <marcxml:datafield tag="260" ind1=" " ind2=" ">
    <marcxml:subfield code="a">[New York? :</marcxml:subfield>
    <marcxml:subfield code="b">s.n.],</marcxml:subfield>
    <marcxml:subfield code="c">2003.</marcxml:subfield>
  </marcxml:datafield>
  <marcxml:datafield tag="300" ind1=" " ind2=" ">
    <marcxml:subfield code="a">1 map :</marcxml:subfield>
    <marcxml:subfield code="b">col. ;</marcxml:subfield>
    <marcxml:subfield code="c">32 x 47 cm.</marcxml:subfield>
  </marcxml:datafield>
  <marcxml:datafield tag="500" ind1=" " ind2=" ">
    <marcxml:subfield code="a">"T.A.B. - 2003."</marcxml:subfield>
  </marcxml:datafield>
  <marcxml:datafield tag="500" ind1=" " ind2=" ">
    <marcxml:subfield code="a">Relief shown pictorially.</marcxml:subfield>
  </marcxml:datafield>
  <marcxml:datafield tag="500" ind1=" " ind2=" ">
    <marcxml:subfield code="a">In upper right corner: The seven root - realms of the great tree of Avalon : born of Merlin's magical seed planted in lost Fincayra.</marcxml:subfield>
  </marcxml:datafield>
  <marcxml:datafield tag="500" ind1=" " ind2=" ">
    <marcxml:subfield code="a">In upper left corner: To the unexplored regions of upper Avalon : trunk, branches, the stars beyond known portals ever flows Elano.</marcxml:subfield>
  </marcxml:datafield>
  <marcxml:datafield tag="500" ind1=" " ind2=" ">
    <marcxml:subfield code="a">In lower right corner: Crafted from the best available sources, year of Avalon 1002 by the Eopia College of Mapmakers.</marcxml:subfield>
  </marcxml:datafield>
  <marcxml:datafield tag="650" ind1=" " ind2="0">
    <marcxml:subfield code="a">Avalon (Legendary place)</marcxml:subfield>
    <marcxml:subfield code="v">Maps.</marcxml:subfield>
  </marcxml:datafield>
</marcxml:record>
